<record xmlns="http://www.loc.gov/MARC21/slim" xmlns:xsi="http://www.w3.org/2001/XMLSchema-instance" xsi:schemaLocation="http://www.loc.gov/MARC21/slim http://www.loc.gov/standards/marcxml/schema/MARC21slim.xsd"><leader>     nam a22        4500</leader><controlfield tag="001">4437722</controlfield><controlfield tag="003">NIC</controlfield><controlfield tag="006">m        d        </controlfield><controlfield tag="007">cr cn |||m|||a</controlfield><controlfield tag="008">150323q19001993ua      o     000 0 arar </controlfield><datafield ind1=" " ind2=" " tag="040"><subfield code="a">NNU</subfield><subfield code="b">eng</subfield><subfield code="e">rda</subfield><subfield code="c">NNU</subfield></datafield><datafield ind1="0" ind2="4" tag="050"><subfield code="a">BP135.I23</subfield><subfield code="b">S4</subfield></datafield><datafield ind1="1" ind2=" " tag="100"><subfield code="6">880-01</subfield><subfield code="a">Shawka&#772;ni&#772;, Muh&#803;ammad ibn &#699;Ali&#772;,</subfield><subfield code="d">1759-1839.</subfield></datafield><datafield ind1="1" ind2="0" tag="245"><subfield code="6">880-02</subfield><subfield code="a">Nayl al-awt&#803;a&#772;r :</subfield><subfield code="b">sharh&#803; muntaqa&#769; al-akhba&#772;r min ah&#803;a&#772;di&#772;th sayyid al-akhya&#772;r /</subfield><subfield code="c">ta&#700;li&#772;f Muh&#803;ammad ibn &#699;Ali&#772; ibn Muh&#803;ammad al-Shawka&#772;ni&#772;.</subfield></datafield><datafield ind1=" " ind2=" " tag="250"><subfield code="6">880-03</subfield><subfield code="a">al-T&#803;ab&#699;ah al-akhi&#772;rah.</subfield></datafield><datafield ind1=" " ind2=" " tag="260"><subfield code="6">880-04</subfield><subfield code="a">Mis&#803;r :</subfield><subfield code="b">Mus&#803;t&#803;afa&#769; al-Ba&#772;bi&#772; al-H&#803;alabi&#772;,</subfield><subfield code="c">[19--?]</subfield></datafield><datafield ind1=" " ind2=" " tag="300"><subfield code="a">online resource (8 volumes in 4)</subfield></datafield><datafield ind1=" " ind2=" " tag="336"><subfield code="a">text</subfield><subfield code="2">rdacontent</subfield></datafield><datafield ind1=" " ind2=" " tag="337"><subfield code="a">computer</subfield><subfield code="2">rdamedia</subfield></datafield><datafield ind1=" " ind2=" " tag="338"><subfield code="a">online resource</subfield><subfield code="2">rdacarrier</subfield></datafield><datafield ind1=" " ind2=" " tag="500"><subfield code="a">A commentary on Ibn Taymi&#772;yah's al-Muntaqa&#769; fi&#772; al-ah&#803;ka&#772;m al-shar&#699;i&#772;yah min kala&#772;m khayr al-bari&#772;ayah.</subfield></datafield><datafield ind1=" " ind2=" " tag="500"><subfield code="a">Vol. 7-8, 3rd. ed., 1961.</subfield></datafield><datafield ind1=" " ind2=" " tag="500"><subfield code="a">Part of the Arabic Collections Online (ACO) project, contributed by Cornell University Libraries.</subfield></datafield><datafield ind1=" " ind2=" " tag="533"><subfield code="a">Electronic reproduction.</subfield><subfield code="b">New York, N.Y. :</subfield><subfield code="c">New York University,</subfield><subfield code="d">2015.</subfield><subfield code="5">NNU</subfield></datafield><datafield ind1="1" ind2="0" tag="600"><subfield code="6">880-05</subfield><subfield code="a">Ibn Taymi&#772;yah, &#699;Abd al-Sala&#772;m ibn &#699;Abd Alla&#772;h,</subfield><subfield code="d">1193 or 1194-1254 or 1255.</subfield><subfield code="t">Muntaqa&#769; fi&#772; al-ah&#803;ka&#772;m al-shar&#699;i&#772;yah min kala&#772;m khayr al-bari&#772;yah.</subfield></datafield><datafield ind1=" " ind2="0" tag="650"><subfield code="a">Hadith</subfield><subfield code="v">Commentaries.</subfield></datafield><datafield ind1="2" ind2=" " tag="710"><subfield code="a">Cornell University.</subfield><subfield code="b">Libraries.</subfield></datafield><datafield ind1="0" ind2=" " tag="730"><subfield code="a">Arabic Collections Online.</subfield></datafield><datafield ind1="0" ind2="8" tag="776"><subfield code="i">Print version:</subfield><subfield code="a">Shawka&#772;ni&#772;, Muh&#803;ammad ibn &#699;Ali&#772;, 1759-1839.</subfield><subfield code="t">Nayl al-awt&#803;a&#772;r</subfield><subfield code="w">(NIC)4437722</subfield><subfield code="w">(DLC)ne 68001443 </subfield><subfield code="w">(OCoLC)28914677</subfield></datafield><datafield ind1="4" ind2="0" tag="856"><subfield code="u">http://hdl.handle.net/2333.1/h18934bd</subfield></datafield><datafield ind1="1" ind2=" " tag="880"><subfield code="6">100-01/r</subfield><subfield code="a">&#1588;&#1608;&#1603;&#1575;&#1606;&#1610;&#1548; &#1605;&#1581;&#1605;&#1583; &#1576;&#1606; &#1593;&#1604;&#1610;&#1548;</subfield><subfield code="d">1759-1839.</subfield></datafield><datafield ind1="1" ind2="0" tag="880"><subfield code="6">245-02/r</subfield><subfield code="a">&#1606;&#1610;&#1604; &#1575;&#1604;&#1571;&#1608;&#1591;&#1575;&#1585; :</subfield><subfield code="b">&#1588;&#1585;&#1581; &#1605;&#1606;&#1578;&#1602;&#1609; &#1575;&#1604;&#1571;&#1582;&#1576;&#1575;&#1585; &#1605;&#1606; &#1571;&#1581;&#1575;&#1583;&#1610;&#1579; &#1587;&#1610;&#1583; &#1575;&#1604;&#1571;&#1582;&#1610;&#1575;&#1585; /</subfield><subfield code="c">&#1578;&#1571;&#1604;&#1610;&#1601; &#1605;&#1581;&#1605;&#1583; &#1576;&#1606; &#1593;&#1604;&#1610; &#1576;&#1606; &#1605;&#1581;&#1605;&#1583; &#1575;&#1604;&#1588;&#1608;&#1603;&#1575;&#1606;&#1610;.</subfield></datafield><datafield ind1=" " ind2=" " tag="880"><subfield code="6">250-03/r</subfield><subfield code="a">&#1575;&#1604;&#1591;&#1576;&#1593;&#1577; &#1575;&#1604;&#1571;&#1582;&#1610;&#1585;&#1577;.</subfield></datafield><datafield ind1=" " ind2=" " tag="880"><subfield code="6">260-04/r</subfield><subfield code="a">&#1605;&#1589;&#1585; :</subfield><subfield code="b">&#1605;&#1589;&#1591;&#1601;&#1609; &#1575;&#1604;&#1576;&#1575;&#1576;&#1610; &#1575;&#1604;&#1581;&#1604;&#1576;&#1610;&#1548;</subfield><subfield code="c">[19--?]</subfield></datafield><datafield ind1="1" ind2="4" tag="880"><subfield code="6">600-05/r</subfield><subfield code="a">&#1575;&#1576;&#1606; &#1578;&#1610;&#1605;&#1610;&#1577;&#1548; &#1593;&#1576;&#1583; &#1575;&#1604;&#1587;&#1604;&#1575;&#1605; &#1576;&#1606; &#1593;&#1576;&#1583; &#1575;&#1604;&#1604;&#1607;.</subfield><subfield code="t">&#1605;&#1606;&#1591;&#1602;&#1609; &#1601;&#1610; &#1575;&#1604;&#1575;&#1581;&#1603;&#1575;&#1605; &#1575;&#1604;&#1588;&#1585;&#1593;&#1610;&#1577; &#1605;&#1606; &#1603;&#1604;&#1575;&#1605; &#1582;&#1610;&#1585; &#1575;&#1604;&#1576;&#1585;&#1610;&#1577;.</subfield></datafield><datafield ind1=" " ind2=" " tag="959"><subfield code="a">NNU</subfield><subfield code="b">WEB</subfield><subfield code="c">GENI</subfield><subfield code="t">0</subfield><subfield code="m">Electronic access</subfield><subfield code="s">01</subfield></datafield><datafield ind1=" " ind2=" " tag="999"><subfield code="i">NIC_4437722</subfield><subfield code="o">(OCoLC)ocm28914677</subfield><subfield code="s">cornell_aco000272:v.1-2</subfield><subfield code="s">cornell_aco000273:v.3-4</subfield><subfield code="s">cornell_aco000274:v.5-6</subfield><subfield code="s">cornell_aco000275:v.7-8</subfield><subfield code="e">(ERROR-880)</subfield><subfield code="s">cornell_aco000272:v.1-2</subfield><subfield code="s">cornell_aco000273:v.3-4</subfield><subfield code="s">cornell_aco000274:v.5-6</subfield><subfield code="s">cornell_aco000275:v.7-8</subfield></datafield></record>